<?xml version="1.0" encoding="UTF-8"?>
  <record xmlns="http://www.loc.gov/MARC21/slim" type="Authority">
    <leader>00000nz  a2200000nc 4500</leader>
    <controlfield tag="001">100029752</controlfield>
    <controlfield tag="003">DE-101</controlfield>
    <controlfield tag="005">20220505102930.0</controlfield>
    <controlfield tag="008">900615n||azznnaabn           | aaa    |c</controlfield>
    <datafield tag="024" ind1="7" ind2=" ">
      <subfield code="a">100029752</subfield>
      <subfield code="0">http://d-nb.info/gnd/100029752</subfield>
      <subfield code="2">gnd</subfield>
    </datafield>
    <datafield tag="035" ind1=" " ind2=" ">
      <subfield code="a">(DE-101)100029752</subfield>
    </datafield>
    <datafield tag="035" ind1=" " ind2=" ">
      <subfield code="a">(DE-588)100029752</subfield>
    </datafield>
    <datafield tag="035" ind1=" " ind2=" ">
      <subfield code="z">(DE-588)1089502362</subfield>
    </datafield>
    <datafield tag="035" ind1=" " ind2=" ">
      <subfield code="z">(DE-588)1063599253</subfield>
    </datafield>
    <datafield tag="035" ind1=" " ind2=" ">
      <subfield code="z">(DE-588a)100029752</subfield>
      <subfield code="9">v:zg</subfield>
    </datafield>
    <datafield tag="035" ind1=" " ind2=" ">
      <subfield code="z">(DE-588a)156104768</subfield>
    </datafield>
    <datafield tag="035" ind1=" " ind2=" ">
      <subfield code="z">(DE-588a)155300687</subfield>
    </datafield>
    <datafield tag="035" ind1=" " ind2=" ">
      <subfield code="z">(DE-588c)4588329-4</subfield>
      <subfield code="9">v:zg</subfield>
    </datafield>
    <datafield tag="040" ind1=" " ind2=" ">
      <subfield code="a">DE-12</subfield>
      <subfield code="c">DE-12</subfield>
      <subfield code="9">r:DE-12</subfield>
      <subfield code="b">ger</subfield>
      <subfield code="d">1250</subfield>
      <subfield code="e">rda</subfield>
    </datafield>
    <datafield tag="042" ind1=" " ind2=" ">
      <subfield code="a">gnd1</subfield>
    </datafield>
    <datafield tag="043" ind1=" " ind2=" ">
      <subfield code="c">XA-DE</subfield>
    </datafield>
    <datafield tag="065" ind1=" " ind2=" ">
      <subfield code="a">16.5p</subfield>
      <subfield code="2">sswd</subfield>
    </datafield>
    <datafield tag="075" ind1=" " ind2=" ">
      <subfield code="b">p</subfield>
      <subfield code="2">gndgen</subfield>
    </datafield>
    <datafield tag="075" ind1=" " ind2=" ">
      <subfield code="b">piz</subfield>
      <subfield code="2">gndspec</subfield>
    </datafield>
    <datafield tag="079" ind1=" " ind2=" ">
      <subfield code="a">g</subfield>
      <subfield code="q">a</subfield>
      <subfield code="q">f</subfield>
      <subfield code="q">s</subfield>
      <subfield code="q">z</subfield>
      <subfield code="q">h</subfield>
      <subfield code="u">k</subfield>
      <subfield code="u">v</subfield>
      <subfield code="u">o</subfield>
      <subfield code="u">w</subfield>
    </datafield>
    <datafield tag="100" ind1="0" ind2=" ">
      <subfield code="a">Johann Georg</subfield>
      <subfield code="b">I.</subfield>
      <subfield code="c">Sachsen, Kurfürst</subfield>
      <subfield code="d">1585-1656</subfield>
    </datafield>
    <datafield tag="375" ind1=" " ind2=" ">
      <subfield code="a">1</subfield>
      <subfield code="2">iso5218</subfield>
    </datafield>
    <datafield tag="400" ind1="0" ind2=" ">
      <subfield code="9">L:fre</subfield>
      <subfield code="a">Jean-Georges</subfield>
      <subfield code="b">I.</subfield>
      <subfield code="c">Saxe, électeur</subfield>
      <subfield code="d">1585-1656</subfield>
      <subfield code="5">CH-GND</subfield>
    </datafield>
    <datafield tag="400" ind1="0" ind2=" ">
      <subfield code="9">L:eng</subfield>
      <subfield code="a">John George</subfield>
      <subfield code="b">I.</subfield>
      <subfield code="c">Saxony, Elector</subfield>
      <subfield code="d">1585-1656</subfield>
      <subfield code="5">CH-GND</subfield>
    </datafield>
    <datafield tag="400" ind1="0" ind2=" ">
      <subfield code="a">Johannes Georgius</subfield>
      <subfield code="b">I.</subfield>
      <subfield code="c">Saxonia, Elector</subfield>
      <subfield code="d">1585-1656</subfield>
    </datafield>
    <datafield tag="400" ind1="0" ind2=" ">
      <subfield code="a">Hans Georg</subfield>
      <subfield code="b">I.</subfield>
      <subfield code="c">Sachsen, Kurfürst</subfield>
      <subfield code="d">1585-1656</subfield>
    </datafield>
    <datafield tag="400" ind1="0" ind2=" ">
      <subfield code="a">Johann Georg</subfield>
      <subfield code="b">I.</subfield>
      <subfield code="c">Sachsen, Herzog</subfield>
      <subfield code="d">1585-1656</subfield>
    </datafield>
    <datafield tag="400" ind1="0" ind2=" ">
      <subfield code="a">Johans Georg</subfield>
      <subfield code="c">Sachsen, Herzog</subfield>
      <subfield code="d">1585-1656</subfield>
    </datafield>
    <datafield tag="400" ind1="0" ind2=" ">
      <subfield code="a">Johanns Georg</subfield>
      <subfield code="c">Sachsen, Herzog</subfield>
      <subfield code="d">1585-1656</subfield>
    </datafield>
    <datafield tag="400" ind1="0" ind2=" ">
      <subfield code="a">Johanns George</subfield>
      <subfield code="c">Sachsen, Herzog</subfield>
      <subfield code="d">1585-1656</subfield>
    </datafield>
    <datafield tag="400" ind1="0" ind2=" ">
      <subfield code="a">Johannes Georgius</subfield>
      <subfield code="b">I.</subfield>
      <subfield code="c">Saxonia, Dux</subfield>
      <subfield code="d">1585-1656</subfield>
    </datafield>
    <datafield tag="400" ind1="0" ind2=" ">
      <subfield code="a">Johannes Georgius</subfield>
      <subfield code="c">Iulia-Cleve-Montes, Dux. I.</subfield>
      <subfield code="d">1585-1656</subfield>
    </datafield>
    <datafield tag="400" ind1="0" ind2=" ">
      <subfield code="a">Johannes Georgius</subfield>
      <subfield code="c">Magdeburgum, Burggravius</subfield>
      <subfield code="d">1585-1656</subfield>
    </datafield>
    <datafield tag="400" ind1="0" ind2=" ">
      <subfield code="a">Johann Georg</subfield>
      <subfield code="c">Magdeburg, Graf</subfield>
      <subfield code="d">1585-1656</subfield>
    </datafield>
    <datafield tag="400" ind1="0" ind2=" ">
      <subfield code="a">Johannes Georgius</subfield>
      <subfield code="c">Magdeburg, Burggraf</subfield>
      <subfield code="d">1585-1656</subfield>
    </datafield>
    <datafield tag="400" ind1="0" ind2=" ">
      <subfield code="a">Johannes Georgius</subfield>
      <subfield code="c">Marcha, Comes</subfield>
      <subfield code="d">1585-1656</subfield>
    </datafield>
    <datafield tag="400" ind1="0" ind2=" ">
      <subfield code="a">Johann Georg</subfield>
      <subfield code="c">Marck, Graf</subfield>
      <subfield code="d">1585-1656</subfield>
    </datafield>
    <datafield tag="400" ind1="0" ind2=" ">
      <subfield code="a">Johannes Georgius</subfield>
      <subfield code="c">Misnia, Marchio</subfield>
      <subfield code="d">1585-1656</subfield>
    </datafield>
    <datafield tag="400" ind1="0" ind2=" ">
      <subfield code="a">Johann Georg</subfield>
      <subfield code="c">Meißen, Markgraf</subfield>
      <subfield code="d">1585-1656</subfield>
    </datafield>
    <datafield tag="400" ind1="0" ind2=" ">
      <subfield code="a">Johannes Georgius</subfield>
      <subfield code="c">Ravensberga, Comes</subfield>
      <subfield code="d">1585-1656</subfield>
    </datafield>
    <datafield tag="400" ind1="0" ind2=" ">
      <subfield code="a">Johann Georg</subfield>
      <subfield code="c">Ravensberg, Graf</subfield>
      <subfield code="d">1585-1656</subfield>
    </datafield>
    <datafield tag="400" ind1="0" ind2=" ">
      <subfield code="a">Johannes Georgius</subfield>
      <subfield code="c">Thuringia, Landgravius</subfield>
      <subfield code="d">1585-1656</subfield>
    </datafield>
    <datafield tag="400" ind1="0" ind2=" ">
      <subfield code="a">Johann Georg</subfield>
      <subfield code="c">Thüringen, Landgraf</subfield>
      <subfield code="d">1585-1656</subfield>
    </datafield>
    <datafield tag="400" ind1="0" ind2=" ">
      <subfield code="a">Johannes Georgius</subfield>
      <subfield code="c">Utra Lusatia, Marchio</subfield>
      <subfield code="d">1585-1656</subfield>
    </datafield>
    <datafield tag="400" ind1="0" ind2=" ">
      <subfield code="a">Johann Georg</subfield>
      <subfield code="c">Ober-und-Niederlausitz, Markgraf</subfield>
      <subfield code="d">1585-1656</subfield>
    </datafield>
    <datafield tag="400" ind1="0" ind2=" ">
      <subfield code="a">Johanns Georg</subfield>
      <subfield code="c">Sachsen, Kurfürst</subfield>
      <subfield code="d">1585-1656</subfield>
    </datafield>
    <datafield tag="400" ind1="0" ind2=" ">
      <subfield code="a">Johann Georg</subfield>
      <subfield code="c">zum Ravenstein</subfield>
      <subfield code="d">1585-1656</subfield>
    </datafield>
    <datafield tag="400" ind1="1" ind2=" ">
      <subfield code="a">Zum Ravenstein, Johann Georg</subfield>
      <subfield code="d">1585-1656</subfield>
      <subfield code="9">v:4ELRAKm</subfield>
    </datafield>
    <datafield tag="400" ind1="1" ind2=" ">
      <subfield code="a">ZumRavenstein, Johann Georg</subfield>
      <subfield code="d">1585-1656</subfield>
      <subfield code="9">v:RAK alt</subfield>
    </datafield>
    <datafield tag="400" ind1="1" ind2=" ">
      <subfield code="a">Ravenstein, Johann Georg &#152;zum&#156;</subfield>
      <subfield code="d">1585-1656</subfield>
    </datafield>
    <datafield tag="400" ind1="0" ind2=" ">
      <subfield code="a">Johann-Georgius</subfield>
      <subfield code="c">Sachsen, Herzog</subfield>
      <subfield code="d">1585-1656</subfield>
    </datafield>
    <datafield tag="400" ind1="0" ind2=" ">
      <subfield code="a">Johannes-Georgius</subfield>
      <subfield code="c">Sachsen, Herzog</subfield>
      <subfield code="d">1585-1656</subfield>
    </datafield>
    <datafield tag="400" ind1="0" ind2=" ">
      <subfield code="a">Johan Georgen</subfield>
      <subfield code="b">I.</subfield>
      <subfield code="c">Sachsen, Kurfürst</subfield>
      <subfield code="d">1585-1656</subfield>
    </datafield>
    <datafield tag="400" ind1="0" ind2=" ">
      <subfield code="a">Johannes Georgius</subfield>
      <subfield code="b">I.</subfield>
      <subfield code="c">Saxonia, Princeps</subfield>
      <subfield code="d">1585-1656</subfield>
    </datafield>
    <datafield tag="400" ind1="0" ind2=" ">
      <subfield code="a">Ioannes Georgius</subfield>
      <subfield code="b">I.</subfield>
      <subfield code="c">Saxonia, Princeps</subfield>
      <subfield code="d">1585-1656</subfield>
    </datafield>
    <datafield tag="400" ind1="0" ind2=" ">
      <subfield code="a">Johann Georg</subfield>
      <subfield code="b">I.</subfield>
      <subfield code="c">Sachsen-Jülich-Cleve-Berg, Herzog</subfield>
      <subfield code="d">1585-1656</subfield>
    </datafield>
    <datafield tag="400" ind1="0" ind2=" ">
      <subfield code="a">Johan Georg</subfield>
      <subfield code="c">Sachsen, Herzog</subfield>
      <subfield code="d">1585-1656</subfield>
    </datafield>
    <datafield tag="400" ind1="0" ind2=" ">
      <subfield code="a">Johann Georg</subfield>
      <subfield code="c">Sachsen-Gülich-Cleve-Berg, Herzog</subfield>
      <subfield code="d">1585-1656</subfield>
    </datafield>
    <datafield tag="400" ind1="0" ind2=" ">
      <subfield code="a">Johan Georg</subfield>
      <subfield code="c">Sachsen, Kurfürst</subfield>
      <subfield code="d">1585-1656</subfield>
    </datafield>
    <datafield tag="400" ind1="0" ind2=" ">
      <subfield code="a">Johannes Georgius</subfield>
      <subfield code="c">Sachsen, Herzog</subfield>
      <subfield code="d">1585-1656</subfield>
    </datafield>
    <datafield tag="400" ind1="0" ind2=" ">
      <subfield code="a">Johann Georg</subfield>
      <subfield code="c">Sachsen, Kuhrfürst</subfield>
      <subfield code="d">1585-1656</subfield>
    </datafield>
    <datafield tag="400" ind1="0" ind2=" ">
      <subfield code="a">Johann Georg</subfield>
      <subfield code="c">I.</subfield>
      <subfield code="d">1585-1656</subfield>
    </datafield>
    <datafield tag="400" ind1="0" ind2=" ">
      <subfield code="a">Johann Georg</subfield>
      <subfield code="c">Sachsen, Kurfürst</subfield>
      <subfield code="d">1585-1656</subfield>
    </datafield>
    <datafield tag="400" ind1="0" ind2=" ">
      <subfield code="a">Johann Georg</subfield>
      <subfield code="c">Sachsen-Jülich-Cleve-Berg, Herzog</subfield>
      <subfield code="d">1585-1656</subfield>
    </datafield>
    <datafield tag="400" ind1="0" ind2=" ">
      <subfield code="a">Johan Georg</subfield>
      <subfield code="c">Sachsen-Gülich-Cleve-Berg, Herzog</subfield>
      <subfield code="d">1585-1656</subfield>
    </datafield>
    <datafield tag="400" ind1="0" ind2=" ">
      <subfield code="a">Joan Georg</subfield>
      <subfield code="c">Sachsen, Herzog</subfield>
      <subfield code="d">1585-1656</subfield>
    </datafield>
    <datafield tag="400" ind1="0" ind2=" ">
      <subfield code="a">Johann Georg</subfield>
      <subfield code="c">Sachsen, Herzog</subfield>
      <subfield code="d">1585-1656</subfield>
    </datafield>
    <datafield tag="400" ind1="0" ind2=" ">
      <subfield code="a">Georg</subfield>
      <subfield code="c">Sachsen, Herzog</subfield>
      <subfield code="d">1585-1656</subfield>
    </datafield>
    <datafield tag="400" ind1="0" ind2=" ">
      <subfield code="a">Johannes Georgius</subfield>
      <subfield code="c">Saxonia, Elector</subfield>
      <subfield code="d">1585-1656</subfield>
    </datafield>
    <datafield tag="400" ind1="0" ind2=" ">
      <subfield code="a">Johan Georg</subfield>
      <subfield code="c">Sachsen, Churfürst, Hertzog</subfield>
      <subfield code="d">1585-1656</subfield>
    </datafield>
    <datafield tag="400" ind1="0" ind2=" ">
      <subfield code="a">Joannes Georgius</subfield>
      <subfield code="c">Sachsen, Kurfürst, I.</subfield>
      <subfield code="d">1585-1656</subfield>
    </datafield>
    <datafield tag="400" ind1="0" ind2=" ">
      <subfield code="a">Johann Georg</subfield>
      <subfield code="c">Sachsen, Gülich, Cleve und Bergen, Hertzog</subfield>
      <subfield code="d">1585-1656</subfield>
    </datafield>
    <datafield tag="400" ind1="0" ind2=" ">
      <subfield code="a">Johann Georg</subfield>
      <subfield code="c">Sachsen-Gülich-Cleve-Bergen, Hertzog</subfield>
      <subfield code="d">1585-1656</subfield>
    </datafield>
    <datafield tag="400" ind1="0" ind2=" ">
      <subfield code="a">Johann Georg</subfield>
      <subfield code="c">Sachsen-Jülich-Cleve-Bergk, Herzog</subfield>
      <subfield code="d">1585-1656</subfield>
    </datafield>
    <datafield tag="400" ind1="0" ind2=" ">
      <subfield code="a">Johan Georg</subfield>
      <subfield code="c">Sachsen, Kurfürst, I.</subfield>
      <subfield code="d">1585-1656</subfield>
    </datafield>
    <datafield tag="400" ind1="0" ind2=" ">
      <subfield code="a">Johann Georg</subfield>
      <subfield code="c">Sachsen, Churfürst, I.</subfield>
      <subfield code="d">1585-1656</subfield>
    </datafield>
    <datafield tag="400" ind1="0" ind2=" ">
      <subfield code="a">Johann Georg</subfield>
      <subfield code="c">Sachsen, Kurfürst, Herzog</subfield>
      <subfield code="d">1585-1656</subfield>
    </datafield>
    <datafield tag="400" ind1="0" ind2=" ">
      <subfield code="a">Johann Georg</subfield>
      <subfield code="c">zu Sachsen</subfield>
      <subfield code="d">1585-1656</subfield>
    </datafield>
    <datafield tag="400" ind1="0" ind2=" ">
      <subfield code="a">Johannes Georg</subfield>
      <subfield code="c">Sachsen, Herzog</subfield>
      <subfield code="d">1585-1656</subfield>
    </datafield>
    <datafield tag="400" ind1="0" ind2=" ">
      <subfield code="a">Johannes Georg</subfield>
      <subfield code="c">Sachsen, Kurfürst, I.</subfield>
      <subfield code="d">1585-1656</subfield>
    </datafield>
    <datafield tag="400" ind1="0" ind2=" ">
      <subfield code="a">Johann Georg</subfield>
      <subfield code="b">I.</subfield>
      <subfield code="c">Kurfürst von Sachsen</subfield>
      <subfield code="d">1585-1656</subfield>
    </datafield>
    <datafield tag="400" ind1="0" ind2=" ">
      <subfield code="a">Johannes Georgius</subfield>
      <subfield code="b">I.</subfield>
      <subfield code="c">Kurfürst von Sachsen</subfield>
      <subfield code="d">1585-1656</subfield>
    </datafield>
    <datafield tag="500" ind1="0" ind2=" ">
      <subfield code="0">(DE-101)118676075</subfield>
      <subfield code="0">(DE-588)118676075</subfield>
      <subfield code="0">https://d-nb.info/gnd/118676075</subfield>
      <subfield code="a">Christian</subfield>
      <subfield code="b">I.</subfield>
      <subfield code="c">Sachsen, Kurfürst</subfield>
      <subfield code="d">1560-1591</subfield>
      <subfield code="4">bezf</subfield>
      <subfield code="4">https://d-nb.info/standards/elementset/gnd#familialRelationship</subfield>
      <subfield code="w">r</subfield>
      <subfield code="i">Beziehung familiaer</subfield>
      <subfield code="e">Beziehung familiaer</subfield>
      <subfield code="9">v:Vater</subfield>
    </datafield>
    <datafield tag="500" ind1="0" ind2=" ">
      <subfield code="0">(DE-101)104177640</subfield>
      <subfield code="0">(DE-588)104177640</subfield>
      <subfield code="0">https://d-nb.info/gnd/104177640</subfield>
      <subfield code="a">Sibylla Elisabeth</subfield>
      <subfield code="c">Sachsen, Herzogin</subfield>
      <subfield code="d">1584-1606</subfield>
      <subfield code="4">bezf</subfield>
      <subfield code="4">https://d-nb.info/standards/elementset/gnd#familialRelationship</subfield>
      <subfield code="w">r</subfield>
      <subfield code="i">Beziehung familiaer</subfield>
      <subfield code="e">Beziehung familiaer</subfield>
      <subfield code="9">v:erste Ehefrau</subfield>
    </datafield>
    <datafield tag="500" ind1="0" ind2=" ">
      <subfield code="0">(DE-101)101041535</subfield>
      <subfield code="0">(DE-588)101041535</subfield>
      <subfield code="0">https://d-nb.info/gnd/101041535</subfield>
      <subfield code="a">Magdalena Sibylla</subfield>
      <subfield code="c">Sachsen, Kurfürstin</subfield>
      <subfield code="d">1586-1659</subfield>
      <subfield code="4">bezf</subfield>
      <subfield code="4">https://d-nb.info/standards/elementset/gnd#familialRelationship</subfield>
      <subfield code="w">r</subfield>
      <subfield code="i">Beziehung familiaer</subfield>
      <subfield code="e">Beziehung familiaer</subfield>
      <subfield code="9">v:zweite Ehefrau</subfield>
    </datafield>
    <datafield tag="500" ind1="0" ind2=" ">
      <subfield code="0">(DE-101)119100320</subfield>
      <subfield code="0">(DE-588)119100320</subfield>
      <subfield code="0">https://d-nb.info/gnd/119100320</subfield>
      <subfield code="a">Johann Georg</subfield>
      <subfield code="b">II.</subfield>
      <subfield code="c">Sachsen, Kurfürst</subfield>
      <subfield code="d">1613-1680</subfield>
      <subfield code="4">bezf</subfield>
      <subfield code="4">https://d-nb.info/standards/elementset/gnd#familialRelationship</subfield>
      <subfield code="w">r</subfield>
      <subfield code="i">Beziehung familiaer</subfield>
      <subfield code="e">Beziehung familiaer</subfield>
      <subfield code="9">v:Sohn</subfield>
    </datafield>
    <datafield tag="500" ind1="0" ind2=" ">
      <subfield code="0">(DE-101)119025299</subfield>
      <subfield code="0">(DE-588)119025299</subfield>
      <subfield code="0">https://d-nb.info/gnd/119025299</subfield>
      <subfield code="a">August</subfield>
      <subfield code="c">Sachsen-Weißenfels, Herzog</subfield>
      <subfield code="d">1614-1680</subfield>
      <subfield code="4">bezf</subfield>
      <subfield code="4">https://d-nb.info/standards/elementset/gnd#familialRelationship</subfield>
      <subfield code="w">r</subfield>
      <subfield code="i">Beziehung familiaer</subfield>
      <subfield code="e">Beziehung familiaer</subfield>
      <subfield code="9">v:Sohn</subfield>
    </datafield>
    <datafield tag="500" ind1="0" ind2=" ">
      <subfield code="0">(DE-101)104174420</subfield>
      <subfield code="0">(DE-588)104174420</subfield>
      <subfield code="0">https://d-nb.info/gnd/104174420</subfield>
      <subfield code="a">Christian</subfield>
      <subfield code="b">I.</subfield>
      <subfield code="c">Sachsen-Merseburg, Herzog</subfield>
      <subfield code="d">1615-1691</subfield>
      <subfield code="4">bezf</subfield>
      <subfield code="4">https://d-nb.info/standards/elementset/gnd#familialRelationship</subfield>
      <subfield code="w">r</subfield>
      <subfield code="i">Beziehung familiaer</subfield>
      <subfield code="e">Beziehung familiaer</subfield>
      <subfield code="9">v:Sohn</subfield>
    </datafield>
    <datafield tag="500" ind1="0" ind2=" ">
      <subfield code="0">(DE-101)102305889</subfield>
      <subfield code="0">(DE-588)102305889</subfield>
      <subfield code="0">https://d-nb.info/gnd/102305889</subfield>
      <subfield code="a">Moritz</subfield>
      <subfield code="c">Sachsen-Zeitz, Herzog</subfield>
      <subfield code="d">1619-1681</subfield>
      <subfield code="4">bezf</subfield>
      <subfield code="4">https://d-nb.info/standards/elementset/gnd#familialRelationship</subfield>
      <subfield code="w">r</subfield>
      <subfield code="i">Beziehung familiaer</subfield>
      <subfield code="e">Beziehung familiaer</subfield>
      <subfield code="9">v:Sohn</subfield>
    </datafield>
    <datafield tag="500" ind1="0" ind2=" ">
      <subfield code="0">(DE-101)119450658</subfield>
      <subfield code="0">(DE-588)119450658</subfield>
      <subfield code="0">https://d-nb.info/gnd/119450658</subfield>
      <subfield code="a">Magdalena Sibylle</subfield>
      <subfield code="c">Sachsen-Altenburg, Herzogin</subfield>
      <subfield code="d">1617-1668</subfield>
      <subfield code="4">bezf</subfield>
      <subfield code="4">https://d-nb.info/standards/elementset/gnd#familialRelationship</subfield>
      <subfield code="w">r</subfield>
      <subfield code="i">Beziehung familiaer</subfield>
      <subfield code="e">Beziehung familiaer</subfield>
      <subfield code="9">v:Tochter</subfield>
    </datafield>
    <datafield tag="500" ind1="0" ind2=" ">
      <subfield code="0">(DE-101)104174463</subfield>
      <subfield code="0">(DE-588)104174463</subfield>
      <subfield code="0">https://d-nb.info/gnd/104174463</subfield>
      <subfield code="a">Christian</subfield>
      <subfield code="b">II.</subfield>
      <subfield code="c">Sachsen-Merseburg, Herzog</subfield>
      <subfield code="d">1653-1694</subfield>
      <subfield code="4">bezf</subfield>
      <subfield code="4">https://d-nb.info/standards/elementset/gnd#familialRelationship</subfield>
      <subfield code="w">r</subfield>
      <subfield code="i">Beziehung familiaer</subfield>
      <subfield code="e">Beziehung familiaer</subfield>
      <subfield code="9">v:Enkel</subfield>
    </datafield>
    <datafield tag="500" ind1="0" ind2=" ">
      <subfield code="0">(DE-101)104174080</subfield>
      <subfield code="0">(DE-588)104174080</subfield>
      <subfield code="0">https://d-nb.info/gnd/104174080</subfield>
      <subfield code="a">August</subfield>
      <subfield code="c">Sachsen-Merseburg, Herzog</subfield>
      <subfield code="d">1655-1715</subfield>
      <subfield code="4">bezf</subfield>
      <subfield code="4">https://d-nb.info/standards/elementset/gnd#familialRelationship</subfield>
      <subfield code="w">r</subfield>
      <subfield code="i">Beziehung familiaer</subfield>
      <subfield code="e">Beziehung familiaer</subfield>
      <subfield code="9">v:Enkel</subfield>
    </datafield>
    <datafield tag="500" ind1="0" ind2=" ">
      <subfield code="0">(DE-101)120182823</subfield>
      <subfield code="0">(DE-588)120182823</subfield>
      <subfield code="0">https://d-nb.info/gnd/120182823</subfield>
      <subfield code="a">Philipp</subfield>
      <subfield code="c">Sachsen-Merseburg, Herzog</subfield>
      <subfield code="d">1657-1690</subfield>
      <subfield code="4">bezf</subfield>
      <subfield code="4">https://d-nb.info/standards/elementset/gnd#familialRelationship</subfield>
      <subfield code="w">r</subfield>
      <subfield code="i">Beziehung familiaer</subfield>
      <subfield code="e">Beziehung familiaer</subfield>
      <subfield code="9">v:Enkel</subfield>
    </datafield>
    <datafield tag="500" ind1="0" ind2=" ">
      <subfield code="0">(DE-101)104175222</subfield>
      <subfield code="0">(DE-588)104175222</subfield>
      <subfield code="0">https://d-nb.info/gnd/104175222</subfield>
      <subfield code="a">Christiane</subfield>
      <subfield code="c">Sachsen-Eisenberg, Herzogin</subfield>
      <subfield code="d">1659-1679</subfield>
      <subfield code="4">bezf</subfield>
      <subfield code="4">https://d-nb.info/standards/elementset/gnd#familialRelationship</subfield>
      <subfield code="w">r</subfield>
      <subfield code="i">Beziehung familiaer</subfield>
      <subfield code="e">Beziehung familiaer</subfield>
      <subfield code="9">v:Enkelin</subfield>
    </datafield>
    <datafield tag="500" ind1="0" ind2=" ">
      <subfield code="0">(DE-101)104177594</subfield>
      <subfield code="0">(DE-588)104177594</subfield>
      <subfield code="0">https://d-nb.info/gnd/104177594</subfield>
      <subfield code="a">Heinrich</subfield>
      <subfield code="c">Sachsen-Merseburg, Herzog</subfield>
      <subfield code="d">1661-1738</subfield>
      <subfield code="4">bezf</subfield>
      <subfield code="4">https://d-nb.info/standards/elementset/gnd#familialRelationship</subfield>
      <subfield code="w">r</subfield>
      <subfield code="i">Beziehung familiaer</subfield>
      <subfield code="e">Beziehung familiaer</subfield>
      <subfield code="9">v:Enkel</subfield>
    </datafield>
    <datafield tag="548" ind1=" " ind2=" ">
      <subfield code="a">1585-1656</subfield>
      <subfield code="4">datl</subfield>
      <subfield code="4">https://d-nb.info/standards/elementset/gnd#dateOfBirthAndDeath</subfield>
      <subfield code="w">r</subfield>
      <subfield code="i">Lebensdaten</subfield>
    </datafield>
    <datafield tag="548" ind1=" " ind2=" ">
      <subfield code="a">05.03.1585-08.10.1656</subfield>
      <subfield code="4">datx</subfield>
      <subfield code="4">https://d-nb.info/standards/elementset/gnd#dateOfBirthAndDeath</subfield>
      <subfield code="w">r</subfield>
      <subfield code="i">Exakte Lebensdaten</subfield>
    </datafield>
    <datafield tag="550" ind1=" " ind2=" ">
      <subfield code="0">(DE-101)041662032</subfield>
      <subfield code="0">(DE-588)4166203-9</subfield>
      <subfield code="0">https://d-nb.info/gnd/4166203-9</subfield>
      <subfield code="a">Kurfürst</subfield>
      <subfield code="4">adel</subfield>
      <subfield code="4">https://d-nb.info/standards/elementset/gnd#titleOfNobility</subfield>
      <subfield code="w">r</subfield>
      <subfield code="i">Adelstitel</subfield>
    </datafield>
    <datafield tag="551" ind1=" " ind2=" ">
      <subfield code="0">(DE-101)040129950</subfield>
      <subfield code="0">(DE-588)4012995-0</subfield>
      <subfield code="0">https://d-nb.info/gnd/4012995-0</subfield>
      <subfield code="a">Dresden</subfield>
      <subfield code="4">ortg</subfield>
      <subfield code="4">https://d-nb.info/standards/elementset/gnd#placeOfBirth</subfield>
      <subfield code="w">r</subfield>
      <subfield code="i">Geburtsort</subfield>
    </datafield>
    <datafield tag="551" ind1=" " ind2=" ">
      <subfield code="0">(DE-101)040129950</subfield>
      <subfield code="0">(DE-588)4012995-0</subfield>
      <subfield code="0">https://d-nb.info/gnd/4012995-0</subfield>
      <subfield code="a">Dresden</subfield>
      <subfield code="4">orts</subfield>
      <subfield code="4">https://d-nb.info/standards/elementset/gnd#placeOfDeath</subfield>
      <subfield code="w">r</subfield>
      <subfield code="i">Sterbeort</subfield>
    </datafield>
    <datafield tag="667" ind1=" " ind2=" ">
      <subfield code="a">12</subfield>
    </datafield>
    <datafield tag="667" ind1=" " ind2=" ">
      <subfield code="a">7</subfield>
    </datafield>
    <datafield tag="667" ind1=" " ind2=" ">
      <subfield code="a">384</subfield>
    </datafield>
    <datafield tag="667" ind1=" " ind2=" ">
      <subfield code="a">3</subfield>
    </datafield>
    <datafield tag="667" ind1=" " ind2=" ">
      <subfield code="a">VD-17</subfield>
    </datafield>
    <datafield tag="667" ind1=" " ind2=" ">
      <subfield code="a">9</subfield>
    </datafield>
    <datafield tag="667" ind1=" " ind2=" ">
      <subfield code="a">VD-18</subfield>
    </datafield>
    <datafield tag="667" ind1=" " ind2=" ">
      <subfield code="a">Buchbesitz: SLUB Dresden</subfield>
    </datafield>
    <datafield tag="667" ind1=" " ind2=" ">
      <subfield code="a">SAEBI</subfield>
      <subfield code="5">DE-14</subfield>
    </datafield>
    <datafield tag="670" ind1=" " ind2=" ">
      <subfield code="a">Europ. Stammtafeln Bd. I,167: B</subfield>
    </datafield>
    <datafield tag="670" ind1=" " ind2=" ">
      <subfield code="a">NDB/ADB</subfield>
      <subfield code="u">https://www.deutsche-biographie.de/gnd100029752.html#ndbcontent</subfield>
    </datafield>
    <datafield tag="670" ind1=" " ind2=" ">
      <subfield code="a">Wikipedia</subfield>
      <subfield code="u">https://de.wikipedia.org/wiki/Johann_Georg_I._(Sachsen)</subfield>
    </datafield>
    <datafield tag="672" ind1=" " ind2="0">
      <subfield code="a">Copia eines Schreibens, so der Churfürst zu Sachsen ... - 1621</subfield>
    </datafield>
    <datafield tag="672" ind1=" " ind2="0">
      <subfield code="a">Graff, Simon: Scopus vitae meae Christus ... - 1656</subfield>
    </datafield>
    <datafield tag="672" ind1=" " ind2="0">
      <subfield code="a">Weller, Jacob: Chur-Sächsische Ehren-Trauer-Crone ... - 1657</subfield>
    </datafield>
    <datafield tag="678" ind1=" " ind2=" ">
      <subfield code="b">Kurfürst seit 1611</subfield>
    </datafield>
    <datafield tag="913" ind1=" " ind2=" ">
      <subfield code="S">pnd</subfield>
      <subfield code="i">5</subfield>
      <subfield code="a">Johann Georg &lt;Sachsen, Kurfürst, I.&gt;</subfield>
      <subfield code="0">(DE-588a)100029752</subfield>
    </datafield>
  </record>
